<?xml version="1.0" encoding="UTF-8"?><record xmlns="http://www.loc.gov/MARC21/slim" xmlns:cinclude="http://apache.org/cocoon/include/1.0" xmlns:zs="http://www.loc.gov/zing/srw/">
  <leader>01007cz  a2200217n  4500</leader>
  <controlfield tag="001">no2001008334</controlfield>
  <controlfield tag="003">DLC</controlfield>
  <controlfield tag="005">20130320084752.0</controlfield>
  <controlfield tag="008">010131n| azannaabn          |a ana     c</controlfield>
  <datafield tag="010" ind1=" " ind2=" ">
    <subfield code="a">no2001008334</subfield>
  </datafield>
  <datafield tag="035" ind1=" " ind2=" ">
    <subfield code="a">(OCoLC)oca05405432</subfield>
  </datafield>
  <datafield tag="040" ind1=" " ind2=" ">
    <subfield code="a">AzTeS</subfield>
    <subfield code="b">eng</subfield>
    <subfield code="e">rda</subfield>
    <subfield code="c">AzTeS</subfield>
    <subfield code="d">AzTeS</subfield>
    <subfield code="d">DLC</subfield>
  </datafield>
  <datafield tag="110" ind1="1" ind2=" ">
    <subfield code="a">Tempe (Ariz.).</subfield>
    <subfield code="b">Community Development Department.</subfield>
    <subfield code="b">Planning Division</subfield>
  </datafield>
  <datafield tag="410" ind1="1" ind2=" ">
    <subfield code="a">Tempe (Ariz.).</subfield>
    <subfield code="b">Community Development Department.</subfield>
    <subfield code="b">Planning Department</subfield>
  </datafield>
  <datafield tag="410" ind1="1" ind2=" ">
    <subfield code="w">nnea</subfield>
    <subfield code="a">Tempe (Ariz.).</subfield>
    <subfield code="b">Community Development Dept.</subfield>
    <subfield code="b">Planning Division</subfield>
  </datafield>
  <datafield tag="410" ind1="2" ind2=" ">
    <subfield code="a">TPD</subfield>
  </datafield>
  <datafield tag="510" ind1="1" ind2=" ">
    <subfield code="w">a</subfield>
    <subfield code="a">Tempe (Ariz.).</subfield>
    <subfield code="b">Planning Department</subfield>
  </datafield>
  <datafield tag="510" ind1="1" ind2=" ">
    <subfield code="w">r</subfield>
    <subfield code="i">Hierarchical superior:</subfield>
    <subfield code="a">Tempe (Ariz.).</subfield>
    <subfield code="b">Community Development Department</subfield>
  </datafield>
  <datafield tag="670" ind1=" " ind2=" ">
    <subfield code="a">Downtown Tempe : improvement study phase 1, 1979:</subfield>
    <subfield code="b">t.p. (City of Tempe, Department of Community Development, Planning Division)</subfield>
  </datafield>
  <datafield tag="670" ind1=" " ind2=" ">
    <subfield code="a">City of Tempe zoning map, [1980]:</subfield>
    <subfield code="b">map recto (Tempe Planning Department; TPD)</subfield>
  </datafield>
  <datafield tag="675" ind1=" " ind2=" ">
    <subfield code="a">Tempe urban design study, 1975: t.p. (Tempe Planning Department)</subfield>
  </datafield>
</record>